@book{ahuja1993,
address = {Englewood Cliffs, NJ},
author = {Ahuja, R K and Magnanti, T L and Orlin, J B},
chapter = {16},
edition = {1st},
publisher = {Prentice Hall},
title = {{Network Flows: Theory, Algorithms, and Applications}},
year = {1993}
}
